% Encoding: UTF-8

@Article{Kamp:1973,
  author  = {Kamp, Hans},
  title   = {Free Choice Permission},
  journal = {Proceedings of the Aristotelian Society},
  year    = {1973},
  volume  = {74},
  pages   = {57--74},
}

@Article{Searle:1964,
  author  = {Searle, John R.},
  title   = {How to Derive ``Ought'' from ``Is''},
  journal = {Philosophical Review},
  year    = {1964},
  volume  = {73},
  pages   = {43--58},
}



@Comment{jabref-meta: databaseType:bibtex;}

% AUTHOR_bib.bib
% Prepared by C. Pinon for EISS 13
% 2020-02-02
